<record><leader>00000cas a2200000 a 4500</leader><controlfield tag="001">41337551</controlfield><controlfield tag="008">990510c19999999caudn ne      0    0eng c</controlfield><datafield ind1=" " ind2=" " tag="010"><subfield code="a">sn 99060634 </subfield></datafield><datafield ind1=" " ind2=" " tag="040"><subfield code="a">CPS</subfield><subfield code="b">eng</subfield><subfield code="c">CPS</subfield><subfield code="d">CNK</subfield><subfield code="d">OCLCQ</subfield><subfield code="d">OCLCF</subfield><subfield code="d">OCLCO</subfield></datafield><datafield ind1=" " ind2=" " tag="042"><subfield code="a">pcc</subfield></datafield><datafield ind1=" " ind2=" " tag="043"><subfield code="a">n-us-ca</subfield></datafield><datafield ind1=" " ind2=" " tag="090"><subfield code="a">AN1</subfield><subfield code="b">.S337</subfield></datafield><datafield ind1="0" ind2=" " tag="130"><subfield code="a">Tribune (San Luis Obispo, Calif.)</subfield></datafield><datafield ind1="1" ind2="4" tag="245"><subfield code="a">The tribune.</subfield></datafield><datafield ind1=" " ind2=" " tag="260"><subfield code="a">San Luis Obispo, Calif. :</subfield><subfield code="b">Harold Higgins Pub.</subfield></datafield><datafield ind1=" " ind2=" " tag="300"><subfield code="a">v. :</subfield><subfield code="b">ill. ;</subfield><subfield code="c">58 cm.</subfield></datafield><datafield ind1=" " ind2=" " tag="310"><subfield code="a">Daily (except Sun.)</subfield></datafield><datafield ind1="0" ind2=" " tag="362"><subfield code="a">Vol. 130, no. 209 (Apr. 7, 1999)-</subfield></datafield><datafield ind1=" " ind2=" " tag="500"><subfield code="a">"Newspaper of the Central Coast."</subfield></datafield><datafield ind1=" " ind2=" " tag="530"><subfield code="a">Also issued online.</subfield></datafield><datafield ind1=" " ind2="0" tag="651"><subfield code="a">San Luis Obispo County (Calif.)</subfield><subfield code="v">Newspapers.</subfield></datafield><datafield ind1=" " ind2="7" tag="655"><subfield code="a">Newspapers.</subfield><subfield code="2">fast</subfield><subfield code="0">(OCoLC)fst01423814</subfield></datafield><datafield ind1=" " ind2="7" tag="651"><subfield code="a">California</subfield><subfield code="z">San Luis Obispo County.</subfield><subfield code="2">fast</subfield><subfield code="0">(OCoLC)fst01215712</subfield></datafield><datafield ind1=" " ind2=" " tag="752"><subfield code="a">United States</subfield><subfield code="b">California</subfield><subfield code="c">San Luis Obispo</subfield><subfield code="d">San Luis Obispo.</subfield></datafield><datafield ind1="0" ind2="0" tag="780"><subfield code="t">San Luis Obispo County telegram-tribune (San Luis Obispo, Calif. : 1993)</subfield><subfield code="w">(DLC)sn 95061849</subfield><subfield code="w">(OCoLC)28145473</subfield></datafield><datafield ind1="4" ind2="1" tag="856"><subfield code="z">View the online version:</subfield><subfield code="u">http://www.sanluisobispo.com</subfield></datafield></record>